@book{dragonbook,
    author ={Alfred V. Aho, Monica S. Lam, Ravi Sethi, Jeffrey D. Ullman},
    title = {Compilers: Principles, Techniques, and Tools},
    publisher ={Pearson Education, Inc} ,
    year = {2006},
    edition = {2nd}
}

@book{mips,
    author ={David A. Patterson, John L. Hennessy},
    title ={Computer Organization and Design MIPS Edition},
    publisher ={Morgan Kaufmann},
    year ={2020},
    edition={6th}
}
@book{turing2009computing,
  title={Computing machinery and intelligence},
  author={Turing, Alan M},
  year={2009},
  publisher={Springer}
}